@book{bib1,
  title     = {Язык программирования C},
  author    = {Керниган Брайан У., Ритчи Деннис М.},
  publisher = {Вильямс},
  year      = {2019},
  pages     = {288}
}

@book{bib2,
  title     = {Visual Studio Code},
  publisher = {Microsoft},
  year      = {2005},
  url       = {https://code.visualstudio.com/}
}

@book{bib3,
  title     = {Windows},
  publisher = {Microsoft},
  year      = {1985},
  url       = {https://www.microsoft.com/ru-ru/windows}
}

@book{bib4,
  title = {Linux},
  year  = {1991},
  url   = {https://www.linux.org.ru/}
}

@book{bib5,
  title = {Ubuntu 18.04},
  year  = {2018},
  url   = {https://releases.ubuntu.com/18.04/}
}

@book{bib6,
  title = {Замер памяти в Python3},
  year  = {2019},
  url   = { https://pypi.org/project/memory-
	profiler/}
}